<?xml version="1.0" encoding="UTF-8"?><collection><record><leader>08208ntm a2200661 a 4500</leader><controlfield tag="001">006816143</controlfield><controlfield tag="003">MiAaHDL</controlfield><controlfield tag="005">20190719000000.0</controlfield><controlfield tag="006">m        d        </controlfield><controlfield tag="007">cr bn ---auaua</controlfield><controlfield tag="008">090611q15731599xx            00| ||per d</controlfield><datafield tag="035" ind1=" " ind2=" "><subfield code="a">(MiU)006816143</subfield></datafield><datafield tag="035" ind1=" " ind2=" "><subfield code="a">sdr-miu006816143</subfield></datafield><datafield tag="040" ind1=" " ind2=" "><subfield code="a">MiU</subfield><subfield code="c">MiU</subfield><subfield code="e">amremm</subfield></datafield><datafield tag="043" ind1=" " ind2=" "><subfield code="a">n-us-mi</subfield><subfield code="a">a-su---</subfield></datafield><datafield tag="100" ind1="0" ind2=" "><subfield code="6">880-01</subfield><subfield code="a">Muḥyī Lārī,</subfield><subfield code="d">-1526 or 1527.</subfield></datafield><datafield tag="245" ind1="1" ind2="0"><subfield code="6">880-03</subfield><subfield code="a">[Futūḥ al-Ḥaramayn,</subfield><subfield code="f">late 16th century?].</subfield></datafield><datafield tag="246" ind1="3" ind2=" "><subfield code="a">Futūḥ-i Ḥaramayn</subfield></datafield><datafield tag="246" ind1="3" ind2=" "><subfield code="a">فتوح الحرمين</subfield></datafield><datafield tag="260" ind1=" " ind2=" "><subfield code="a">[Mecca?,</subfield><subfield code="c">1573-1599].</subfield></datafield><datafield tag="300" ind1=" " ind2=" "><subfield code="a">47 leaves :</subfield><subfield code="b">paper ;</subfield><subfield code="c">260 x 177 (180 x 90) mm.</subfield></datafield><datafield tag="500" ind1=" " ind2=" "><subfield code="a">Shelfmark: Ann Arbor, University of Michigan, Special Collections Library, Isl. Ms. 347</subfield></datafield><datafield tag="500" ind1=" " ind2=" "><subfield code="a">Origin: Lacks dated colophon ; paper, style of painting, etc. may suggest late 16th or early 17th century ; dated ownership statement provides terminus ante quem of 1195 [1780 or 81].</subfield></datafield><datafield tag="500" ind1=" " ind2=" "><subfield code="a">Former shelfmark: "468 T. D. M. [i.e. Tammaro De Marinis]" and "222" inscribed in pencil on recto of front flyleaf.</subfield></datafield><datafield tag="500" ind1=" " ind2=" "><subfield code="a">Binding: Pasteboards covered in dark brown leather ; Type II binding (with flap, now lost [traces of flap on upper board lining, front flyleaf and opening leaf, damage at fore edge of lower cover]) ; board linings in orange paper ; upper and lower covers carry gold-tooled border in a series of s-shaped stamps ; sewn in yellow thread, two stations, sewing failing with most gatherings loose ; overall in somewhat poor condition with some abrasion, lifting and losses of leather, upper cover detaching, flap lost, etc. ; reinforcements at sewing stations ; ill-fitting (slightly small) and likely not original.</subfield></datafield><datafield tag="500" ind1=" " ind2=" "><subfield code="a">Support: non-European laid paper, possibly of more than one type ; 7-9 laid lines per cm. (horizontal), curving, quite faint and indistinct in many leaves ; rare single chain lines occasionally visible as short lengths ; sturdy and burnished ; flyleaves in well-burnished European laid paper with 7 laid lines per cm. (horizontal), chain lines spaced 25-27 mm. apart (vertical), and watermarks of "VG" and "F" set among three stylized hats [?].</subfield></datafield><datafield tag="500" ind1=" " ind2=" "><subfield code="a">Decoration: Illuminated headpiece (ʻunwān / sarlawḥ) at opening on p.2 consisting of rectangular piece with large, empty gold cartouche with flanking domes and swirling floral vegetal motifs in gold, white, orange, red, and blue on grounds of gold and blue, bordered in bands of gold, orange and blue ; written area of incipit page surrounded by frame of heavy red and turquoise [?] bands (here and throughout divisions within defined by black fillets), elsewhere written area surrounded by a faint gold frame with outermost turquoise rule ; keywords, section headings and illustration captions rubricated ; generously illustrated with 8 full-page and 12 half-page paintings in gold, red, turquoise, blue, lavender, yellow, dark green, etc. depicting in Mecca and vicinity: al-Masjid al-Ḥarām (p.38), al-masʻá between al-Ṣafāʼ and al-Marwah (p.41), Jabal Bū Qubays marked "محل شق القمر" (p.43), Sūq al-Layl with the birthplace of the Prophet, ʻAlī and speaking stones (p.44), Mudʻá or sūq al-mudʻá, here marked "مدعا" (p.45), Maʻlā with tombs (most prominently of Khadījah) and pools for the Egyptian and Syrian caravans (p.50), Shubaykah cemetery (p.51), Jabal Nūr with Ghār Ḥirāʼ (p.53), Jabal Thawr with Ghār Hijrat (p.54), ʻArafāt with pilgrim tents, banners and lampstands, Maṭbakh Ādam, Masjid Namīrah, four posts marking the place of the standing ritual, and Syrian, Egyptian and Yemeni maḥāmil (p.61), Muzdalifah (p.64), Minā with the jamarāt, place of the sacrifice, Masjid Khayf, cave where the Prophet was sheltered (غار والمرسلات), etc. (p.68) ; in Medina and vicinity: Jabal Mafraḥ (p.80), the Prophet's mosque / al-Masjid al-Nabawī (p.83), al-Baqīʻ cemetery (p.87), Masjid Qubā (p.88), Four mosques and the two-qiblah Mosque (p.90), Jabal Uḥud (p.91) and in Jerusalem: al-Ḥaram al-Sharīf (p.93) with al-Masjid al-Aqṣá, Qubbat al-Ṣakhrah, etc. and a sandal of the Prophet (p.94).</subfield></datafield><datafield tag="500" ind1=" " ind2=" "><subfield code="a">Script: Nastaʻlīq ; elegant hand ; serifless, with effect of words descending to baseline, closed counters, and elongated horizontal strokes.</subfield></datafield><datafield tag="500" ind1=" " ind2=" "><subfield code="a">Layout: Written in 15 lines per page, written area divided to two columns ; frame-ruled.</subfield></datafield><datafield tag="500" ind1=" " ind2=" "><subfield code="a">Collation: i, 5 IV(40), IV-1 (47), i ; exclusively quaternions (final anomalous) ; on pp.74-75 written area framed but left blank ; catchwords present ; pagination in pencil, Western numerals, supplied during cataloguing.</subfield></datafield><datafield tag="500" ind1=" " ind2=" "><subfield code="a">Explicit: "صل علی روضۀ خیر الانام خاتمه نسخه برین شد تمام تم تم تم تم تم تم تم تم تم"</subfield></datafield><datafield tag="500" ind1=" " ind2=" "><subfield code="a">Incipit: "اى همه کس را بدرت التجا کعبۀ دل را ز تو نور و صفا ..."</subfield></datafield><datafield tag="500" ind1=" " ind2=" "><subfield code="a">Title supplied by cataloguer.</subfield></datafield><datafield tag="500" ind1=" " ind2=" "><subfield code="a">Ms. codex.</subfield></datafield><datafield tag="510" ind1="4" ind2=" "><subfield code="a">Cat. Pers. MSS. Brit. Mus.,</subfield><subfield code="c">p.655</subfield></datafield><datafield tag="510" ind1="4" ind2=" "><subfield code="a">Milstein, Rachel. "Futuh-i Haramayn: sixteenth-century illustrations of the Hajj route." In Mamluk and Ottoman Studies in Honour of Michael Winter. Eds., David J. Wasserstein and Ami Ayalon (London and New York, 2006):</subfield><subfield code="c">166-194</subfield></datafield><datafield tag="510" ind1="4" ind2=" "><subfield code="a">Fisher, Carol G. and Alan Fisher. "Illustrations of Mecca and Medina in Islamic Manuscripts." In Islamic art from Michigan collections. Eds. Carol G. Fisher and Alan Fisher (East Lansing, MI, 1982):</subfield><subfield code="c">40-47 ; 98-9, no.53</subfield></datafield><datafield tag="520" ind1="8" ind2=" "><subfield code="a">Elegant, richly illustrated copy of Muḥyī al-Dīn Lārī's renowned poetical description of the holy cities Mecca and Medina with a full account of the rites of pilgrimage (ḥajj).</subfield></datafield><datafield tag="538" ind1=" " ind2=" "><subfield code="a">Mode of access: Internet.</subfield></datafield><datafield tag="541" ind1=" " ind2=" "><subfield code="c">Purchase ;</subfield><subfield code="a">Acquired by purchase (funds donated by Horace Rackham).</subfield><subfield code="d">1924.</subfield></datafield><datafield tag="546" ind1=" " ind2=" "><subfield code="a">Persian.</subfield></datafield><datafield tag="561" ind1=" " ind2=" "><subfield code="a">Inscriptions in pencil on front flyleaf "468 T. D. M. [i.e. Tammaro De Marinis]" and "255" ; several former owners' marks on 'title page' (p.1) including ownership statement of former owner Ali Paşa ( على پاشا ) accompanied by large circular seal impression in name of Ḥusayn ibn Muḥammad al-Ḥusaynī al-Khādim ( حسين بن محمد الحسينى الخادم ) who likely entered the statement (reads "من جمله كتب المرحوم على پاشا حرره تراب العتبه الرضويه"), as well as small octagonal seal impression in name of one ʻAbd al-Raḥmān ( عبد الرحمن ) possibly dated 1103 [1691 or 2], and ownership statement dated 1195 [1780 or 81] in name of Muḥammad Yamanī [Yumná ?] ibn Muḥammad ibn al-Ḥājj ʻAlī ( محمد يمنى بن محمد بن الحاج على ) accompanied by oval seal impression in his name ( محمد يمنى ) dated 1185 [1771 or 2] ; relatively clean copy.</subfield></datafield><datafield tag="650" ind1=" " ind2="0"><subfield code="a">Manuscripts, Persian</subfield><subfield code="z">Michigan</subfield><subfield code="z">Ann Arbor.</subfield></datafield><datafield tag="650" ind1=" " ind2="0"><subfield code="a">Islam</subfield><subfield code="v">Prayers and devotions</subfield><subfield code="v">Early works to 1800.</subfield></datafield><datafield tag="650" ind1=" " ind2="0"><subfield code="a">Islam</subfield><subfield code="x">Customs and practices</subfield><subfield code="v">Early works to 1800.</subfield></datafield><datafield tag="650" ind1=" " ind2="0"><subfield code="a">Muslim pilgrims and pilgrimages</subfield><subfield code="z">Saudi Arabia</subfield><subfield code="z">Medina</subfield><subfield code="v">Early works to 1800.</subfield></datafield><datafield tag="650" ind1=" " ind2="0"><subfield code="a">Muslim pilgrims and pilgrimages</subfield><subfield code="z">Saudi Arabia</subfield><subfield code="z">Mecca</subfield><subfield code="v">Early works to 1800.</subfield></datafield><datafield tag="651" ind1=" " ind2="0"><subfield code="a">Medina (Saudi Arabia)</subfield><subfield code="x">Description and travel</subfield><subfield code="v">Early works to 1800.</subfield></datafield><datafield tag="651" ind1=" " ind2="0"><subfield code="a">Mecca (Saudi Arabia)</subfield><subfield code="x">Description and travel</subfield><subfield code="v">Early works to 1800.</subfield></datafield><datafield tag="655" ind1=" " ind2="7"><subfield code="a">Headpieces (layout features)</subfield><subfield code="y">16th century.</subfield><subfield code="2">aat</subfield></datafield><datafield tag="700" ind1="0" ind2=" "><subfield code="a">Abdülhamid</subfield><subfield code="b">II,</subfield><subfield code="c">Sultan of the Turks,</subfield><subfield code="d">1842-1918,</subfield><subfield code="e">former owner.</subfield></datafield><datafield tag="700" ind1="0" ind2=" "><subfield code="6">880-08</subfield><subfield code="a">Muḥammad Yamanī ibn Muḥammad ibn al-Ḥājj ʻAlī,</subfield><subfield code="d">fl. 1780,</subfield><subfield code="e">former owner.</subfield></datafield><datafield tag="700" ind1="0" ind2=" "><subfield code="6">880-07</subfield><subfield code="a">Ḥusayn ibn Muḥammad al-Ḥusaynī al-Khādim,</subfield><subfield code="e">former owner.</subfield></datafield><datafield tag="773" ind1="0" ind2=" "><subfield code="a">Abdul Hamid Collection.</subfield></datafield><datafield tag="880" ind1="0" ind2=" "><subfield code="6">700-08/</subfield><subfield code="a">محمد يمنى بن محمد بن الحاج على,</subfield><subfield code="e">مالك سابق.</subfield></datafield><datafield tag="880" ind1="0" ind2=" "><subfield code="6">700-07/</subfield><subfield code="a">حسين بن محمد الحسينى الخادم,</subfield><subfield code="e">مالك سابق.</subfield></datafield><datafield tag="880" ind1="1" ind2="0"><subfield code="6">245-03/</subfield><subfield code="a">[فتوح الحرمین,</subfield><subfield code="f">پایان قرن 16م؟].</subfield></datafield><datafield tag="880" ind1="0" ind2=" "><subfield code="6">100-01/</subfield><subfield code="a">محيى لارى.</subfield></datafield><datafield tag="CID" ind1=" " ind2=" "><subfield code="a">006816143</subfield></datafield><datafield tag="DAT" ind1="0" ind2=" "><subfield code="a">20190719102639.0</subfield><subfield code="b">20190719000000.0</subfield></datafield><datafield tag="DAT" ind1="1" ind2=" "><subfield code="a">20190719090653.0</subfield><subfield code="b">2019-07-19T16:11:47Z</subfield></datafield><datafield tag="DAT" ind1="2" ind2=" "><subfield code="a">2015-10-02T18:00:03Z</subfield></datafield><datafield tag="CAT" ind1=" " ind2=" "><subfield code="a">SDR-MIU</subfield><subfield code="d">EX LIBRIS - ALEPH</subfield><subfield code="l">prepare.pl-004-008</subfield></datafield><datafield tag="FMT" ind1=" " ind2=" "><subfield code="a">BK</subfield></datafield><datafield tag="HOL" ind1=" " ind2=" "><subfield code="0">sdr-miu006816143</subfield><subfield code="a">MiU</subfield><subfield code="b">SDR</subfield><subfield code="c">MIU</subfield><subfield code="p">mdp.39015079129675</subfield><subfield code="s">MIU</subfield><subfield code="1">006816143</subfield></datafield><datafield tag="974" ind1=" " ind2=" "><subfield code="b">MIU</subfield><subfield code="c">MIU</subfield><subfield code="d">20190719</subfield><subfield code="s">lit-dlps-dc</subfield><subfield code="u">mdp.39015079129675</subfield><subfield code="y">1599</subfield><subfield code="r">pd</subfield><subfield code="q">bib</subfield><subfield code="t">non-US bib date2 &lt; 1896</subfield></datafield></record></collection>